@article{Grindal2019,
author = {Grindal, Mats and Lindstr√∂m, Birgitta and Realtime, Enea},
year = {2019},
month = {04},
pages = {},
title = {Challenges in Testing Real-Time Systems}
}
@online{realTimeIssues,
    author = {Alan C. Shaw},
    title = {Real-time Issues},
    url = {http://jcsites.juniata.edu/faculty/rhodes/smui/realtime.htm},
}