@online{rtaiHomePage,
	author = {},
	title = {RTAI - Real Time Application Interface Official Website},
	url = {https://www.rtai.org/?Homepage},
}
@online{rtaiPresentation,
	author = {Patrick Mourot},
	title = {RTAI Internals Presentation, ALCATEL FRANCE},
	url = {https://www.rtai.org/userfiles/documentation/documents/history.pdf},
    month = {Jan},
	year = {2006}
}
@article{rtosQuantitativeComparison,
	author = {Markus Franke},
	keywords = {},
    journal = {Chemnitz University of Technology, Department of Computer Science}
	pages = {1--45},
	title = {{A Quantitative Comparison of Realtime Linux Solutions}},
    month = {Mar},
	year = {2007}
}